<record><leader>02164nam a22005413i 4500</leader><controlfield tag="001">6804108</controlfield><controlfield tag="003">CaONFJC</controlfield><controlfield tag="005">20150204021629.0</controlfield><controlfield tag="006">m        d        </controlfield><controlfield tag="007">cr||n|||||||||</controlfield><controlfield tag="008">141017t20152015pau     ob    001 0 eng d</controlfield><datafield ind1=" " ind2=" " tag="020"><subfield code="a">9781466664890 (hardcover)</subfield></datafield><datafield ind1=" " ind2=" " tag="020"><subfield code="a">1466664894 (hardcover)</subfield></datafield><datafield ind1=" " ind2=" " tag="020"><subfield code="a">9781466664906 (ebook)</subfield></datafield><datafield ind1=" " ind2=" " tag="020"><subfield code="a">1466664908 (ebook)</subfield></datafield><datafield ind1=" " ind2=" " tag="020"><subfield code="a">9781466664920 (print &amp; perpetual access)</subfield></datafield><datafield ind1=" " ind2=" " tag="020"><subfield code="a">1466664924 (print &amp; perpetual access)</subfield></datafield><datafield ind1=" " ind2=" " tag="020"><subfield code="a">9781322408668 (MyiLibrary)</subfield></datafield><datafield ind1=" " ind2=" " tag="035"><subfield code="a">ocn897934288</subfield></datafield><datafield ind1=" " ind2=" " tag="037"><subfield code="a">672148</subfield><subfield code="b">MIL</subfield></datafield><datafield ind1=" " ind2=" " tag="039"><subfield code="a">exclude</subfield></datafield><datafield ind1=" " ind2=" " tag="040"><subfield code="a">CaONFJC</subfield><subfield code="c">CaONFJC</subfield><subfield code="e">rda</subfield><subfield code="d">AEU</subfield></datafield><datafield ind1="0" ind2="4" tag="050"><subfield code="a">LC3993.2</subfield><subfield code="b">.C38 2015eb</subfield></datafield><datafield ind1="0" ind2="4" tag="082"><subfield code="a">371.95</subfield><subfield code="2">23</subfield></datafield><datafield ind1=" " ind2=" " tag="090"><subfield code="a">Internet Access</subfield><subfield code="b">AEU</subfield></datafield><datafield ind1="0" ind2="0" tag="245"><subfield code="a">Cases on instructional technology in gifted and talented education</subfield><subfield code="h">[electronic resource] /</subfield><subfield code="c">Lesia Lennex and Kimberely Fletcher Nettleton, editors.</subfield></datafield><datafield ind1=" " ind2="1" tag="264"><subfield code="a">Hershey, PA :</subfield><subfield code="b">Information Science Reference,</subfield><subfield code="c">[2015]</subfield></datafield><datafield ind1=" " ind2="1" tag="264"><subfield code="c">&#169;2015</subfield></datafield><datafield ind1=" " ind2=" " tag="300"><subfield code="a">1 online resource (xxvii, 509 pages) :</subfield><subfield code="b">illustrations</subfield></datafield><datafield ind1=" " ind2=" " tag="336"><subfield code="a">text</subfield><subfield code="b">txt</subfield><subfield code="2">rdacontent</subfield></datafield><datafield ind1=" " ind2=" " tag="337"><subfield code="a">computer</subfield><subfield code="b">c</subfield><subfield code="2">rdamedia</subfield></datafield><datafield ind1=" " ind2=" " tag="338"><subfield code="a">online resource</subfield><subfield code="b">cr</subfield><subfield code="2">rdacarrier</subfield></datafield><datafield ind1="1" ind2=" " tag="490"><subfield code="a">Advances in early childhood and K-12 education (AECKE) book series.</subfield></datafield><datafield ind1=" " ind2=" " tag="504"><subfield code="a">Includes bibliographical references (pages 451-496) and index.</subfield></datafield><datafield ind1=" " ind2=" " tag="506"><subfield code="a">Access restricted to authorized users and institutions.</subfield></datafield><datafield ind1=" " ind2=" " tag="588"><subfield code="a">Description based on print version record.</subfield></datafield><datafield ind1=" " ind2=" " tag="596"><subfield code="a">44</subfield></datafield><datafield ind1=" " ind2="0" tag="650"><subfield code="a">Gifted children</subfield><subfield code="x">Education</subfield><subfield code="x">Computer-assisted instruction.</subfield></datafield><datafield ind1=" " ind2="0" tag="650"><subfield code="a">Instructional systems</subfield><subfield code="x">Design.</subfield></datafield><datafield ind1=" " ind2="0" tag="650"><subfield code="a">Information technology.</subfield></datafield><datafield ind1=" " ind2="0" tag="650"><subfield code="a">Educational technology.</subfield></datafield><datafield ind1=" " ind2="0" tag="650"><subfield code="a">Digital media.</subfield></datafield><datafield ind1="1" ind2=" " tag="700"><subfield code="a">Lennex, Lesia C.,</subfield><subfield code="d">1964-</subfield></datafield><datafield ind1="1" ind2=" " tag="700"><subfield code="a">Nettleton, Kimberely Fletcher,</subfield><subfield code="d">1960-</subfield></datafield><datafield ind1=" " ind2="0" tag="830"><subfield code="a">Advances in early childhood and K-12 education (AECKE) book series.</subfield></datafield><datafield ind1="4" ind2="0" tag="856"><subfield code="3">University of Alberta Access</subfield><subfield code="u">http://lib.myilibrary.com?id=672148</subfield><subfield code="z">(Single User Access)</subfield></datafield><datafield ind1=" " ind2=" " tag="949"><subfield code="h">UAIN</subfield><subfield code="z">MIL</subfield></datafield><datafield ind1=" " ind2=" " tag="926"><subfield code="a">Internet Access</subfield><subfield code="w">LC</subfield><subfield code="c">1</subfield><subfield code="i">6804108-1001</subfield><subfield code="l">INTERNET</subfield><subfield code="m">UAINTERNET</subfield><subfield code="r">Y</subfield><subfield code="s">Y</subfield><subfield code="t">E-RESOURCE</subfield><subfield code="u">2/12/2015</subfield><subfield code="x">E-BOOK</subfield><subfield code="z">MIL</subfield></datafield></record>